@article{deDuve1964,
  doi = {10.1016/0022-5193(64)90065-7},
  url = {https://doi.org/10.1016/0022-5193(64)90065-7},
  year = {1964},
  month = jan,
  publisher = {Elsevier {BV}},
  volume = {6},
  number = {1},
  pages = {33--59},
  author = {Christian de Duve},
  title = {Principles of tissue fractionation},
  journal = {Journal of Theoretical Biology}
}

@article{Geladaki2019,
  doi = {10.1038/s41467-018-08191-w},
  url = {https://doi.org/10.1038/s41467-018-08191-w},
  year = {2019},
  month = jan,
  publisher = {Springer Science and Business Media {LLC}},
  volume = {10},
  number = {1},
  author = {Aikaterini Geladaki and Nina Ko{\v{c}}evar Britov{\v{s}}ek and Lisa M. Breckels and Tom S. Smith and Owen L. Vennard and Claire M. Mulvey and Oliver M. Crook and Laurent Gatto and Kathryn S. Lilley},
  title = {Combining {LOPIT} with differential ultracentrifugation for high-resolution spatial proteomics},
  journal = {Nature Communications}
}

@book{Gilks1995,
  title={Markov chain Monte Carlo in practice},
  author={Gilks, Walter R and Richardson, Sylvia and Spiegelhalter, David},
  year={1995},
  publisher={CRC press}
}


@misc{dataref,
  doi = {10.5281/ZENODO.15100485},
  url = {https://zenodo.org/doi/10.5281/zenodo.15100485},
  author = {Hutchings,  Charlotte and Breckels,  Lisa},
  keywords = {Subcellular proteomics,  Data,  Bioconductor,  Proteome mapping,  Differential localisation,  Correlation profiling},
  title = {An updated Bioconductor workflow for correlation profiling subcellular proteomics},
  publisher = {Zenodo},
  year = {2025},
  copyright = {Creative Commons Attribution 4.0 International}
}

@article{Itzhak2016,
  doi = {10.7554/elife.16950},
  url = {https://doi.org/10.7554/elife.16950},
  year = {2016},
  month = jun,
  publisher = {{eLife} Sciences Publications,  Ltd},
  volume = {5},
  author = {Daniel N Itzhak and Stefka Tyanova and J\"{u}rgen Cox and Georg HH Borner},
  title = {Global,  quantitative and dynamic mapping of protein subcellular localization},
  journal = {{eLife}}
}

@article{Christoforou2016,
  doi = {10.1038/ncomms9992},
  url = {https://doi.org/10.1038/ncomms9992},
  year = {2016},
  month = jan,
  publisher = {Springer Science and Business Media {LLC}},
  volume = {7},
  number = {1},
  author = {Andy Christoforou and Claire M. Mulvey and Lisa M. Breckels and Aikaterini Geladaki and Tracey Hurrell and Penelope C. Hayward and Thomas Naake and Laurent Gatto and Rosa Viner and Alfonso Martinez Arias and Kathryn S. Lilley},
  title = {A draft map of the mouse pluripotent stem cell spatial proteome},
  journal = {Nature Communications}
}

@article{Foster2006,
  doi = {10.1016/j.cell.2006.03.022},
  url = {https://doi.org/10.1016/j.cell.2006.03.022},
  year = {2006},
  month = apr,
  publisher = {Elsevier {BV}},
  volume = {125},
  number = {1},
  pages = {187--199},
  author = {Leonard J. Foster and Carmen L. de Hoog and Yanling Zhang and Yong Zhang and Xiaohui Xie and Vamsi K. Mootha and Matthias Mann},
  title = {A Mammalian Organelle Map by Protein Correlation Profiling},
  journal = {Cell}
}

@article{Sadowski2006,
  doi = {10.1038/nprot.2006.254},
  url = {https://doi.org/10.1038/nprot.2006.254},
  year = {2006},
  month = nov,
  publisher = {Springer Science and Business Media {LLC}},
  volume = {1},
  number = {4},
  pages = {1778--1789},
  author = {Pawel G Sadowski and Tom PJ Dunkley and Ian P Shadforth and Paul Dupree and Conrad Bessant and Julian L Griffin and Kathryn S Lilley},
  title = {Quantitative proteomic approach to study subcellular localization of membrane proteins},
  journal = {Nature Protocols}
}

@article{Orre2019,
  doi = {10.1016/j.molcel.2018.11.035},
  url = {https://doi.org/10.1016/j.molcel.2018.11.035},
  year = {2019},
  month = jan,
  publisher = {Elsevier {BV}},
  volume = {73},
  number = {1},
  pages = {166--182.e7},
  author = {Lukas Minus Orre and Mattias Vesterlund and Yanbo Pan and Taner Arslan and Yafeng Zhu and Alejandro Fernandez Woodbridge and Oliver Frings and Erik Fredlund and Janne Lehti\"{o}},
  title = {{SubCellBarCode}: Proteome-wide Mapping of Protein Localization and Relocalization},
  journal = {Molecular Cell}
}

@article{Mulvey2017,
  doi = {10.1038/nprot.2017.026},
  url = {https://doi.org/10.1038/nprot.2017.026},
  year = {2017},
  month = may,
  publisher = {Springer Science and Business Media {LLC}},
  volume = {12},
  number = {6},
  pages = {1110--1135},
  author = {Claire M Mulvey and Lisa M Breckels and Aikaterini Geladaki and Nina Ko{\v{c}}evar Britov{\v{s}}ek and Daniel J H Nightingale and Andy Christoforou and Mohamed Elzek and Michael J Deery and Laurent Gatto and Kathryn S Lilley},
  title = {Using {hyperLOPIT} to perform high-resolution mapping of the spatial proteome},
  journal = {Nature Protocols}
}

@article{Mulvey2021,
  doi = {10.1038/s41467-021-26000-9},
  url = {https://doi.org/10.1038/s41467-021-26000-9},
  year = {2021},
  month = oct,
  publisher = {Springer Science and Business Media {LLC}},
  volume = {12},
  number = {1},
  author = {Claire M. Mulvey and Lisa M. Breckels and Oliver M. Crook and David J. Sanders and Andre L. R. Ribeiro and Aikaterini Geladaki and Andy Christoforou and Nina Ko{\v{c}}evar Britov{\v{s}}ek and Tracey Hurrell and Michael J. Deery and Laurent Gatto and Andrew M. Smith and Kathryn S. Lilley},
  title = {Spatiotemporal proteomic profiling of the pro-inflammatory response to lipopolysaccharide in the {THP}-1 human leukaemia cell line},
  journal = {Nature Communications}
}

@article{Breckels2018,
  doi = {10.12688/f1000research.10411.2},
  url = {https://doi.org/10.12688/f1000research.10411.2},
  year = {2018},
  month = jul,
  publisher = {F1000 Research Ltd},
  volume = {5},
  pages = {2926},
  author = {Lisa M. Breckels and Claire M. Mulvey and Kathryn S. Lilley and Laurent Gatto},
  title = {A Bioconductor workflow for processing and analysing spatial proteomics data},
  journal = {F1000Research}
}

@article{Hutchings2023,
  doi = {10.12688/f1000research.139116.1},
  url = {https://doi.org/10.12688/f1000research.139116.1},
  year = {2023},
  month = oct,
  publisher = {F1000 Research Ltd},
  volume = {12},
  pages = {1402},
  author = {Charlotte Hutchings and Charlotte S. Dawson and Thomas Krueger and Kathryn S. Lilley and Lisa M. Breckels},
  title = {A Bioconductor workflow for processing, evaluating,  and interpreting expression proteomics data},
  journal = {F1000Research}
}

@article{Frankenfield2022,
  doi = {10.1021/acs.jproteome.2c00145},
  url = {https://doi.org/10.1021/acs.jproteome.2c00145},
  year = {2022},
  month = jul,
  publisher = {American Chemical Society ({ACS})},
  volume = {21},
  number = {9},
  pages = {2104--2113},
  author = {Ashley M. Frankenfield and Jiawei Ni and Mustafa Ahmed and Ling Hao},
  title = {Protein Contaminants Matter: Building Universal Protein Contaminant Libraries for {DDA} and {DIA} Proteomics},
  journal = {Journal of Proteome Research}
}

@misc{cRAPprot,
author = {},
title = {cRAP protein sequences},
howpublished = {\url{https://www.thegpm.org/crap/}},
month = {},
year = {},
note = {(Accessed on 02/24/2023)}
}

@Article{pRoloc2014,
	title = {Mass-spectrometry based spatial proteomics data analysis using pRoloc and pRolocdata},
	author = {Laurent Gatto and Lisa M. Breckels and Samuel Wieczorek and Thomas Burger and Kathryn S. Lilley},
	journal = {Bioinformatics},
	year = {2014},
}


@article{Crook2022,
  doi = {10.1038/s41467-022-33570-9},
  url = {https://doi.org/10.1038/s41467-022-33570-9},
  year = {2022},
  month = oct,
  publisher = {Springer Science and Business Media {LLC}},
  volume = {13},
  number = {1},
  author = {Oliver M. Crook and Colin T. R. Davies and Lisa M. Breckels and Josie A. Christopher and Laurent Gatto and Paul D. W. Kirk and Kathryn S. Lilley},
  title = {Inferring differential subcellular localisation in comparative spatial proteomics using {BANDLE}},
  journal = {Nature Communications}
}


@article{Sticker2020,
  doi = {10.1074/mcp.ra119.001624},
  url = {https://doi.org/10.1074/mcp.ra119.001624},
  year = {2020},
  month = jul,
  publisher = {Elsevier {BV}},
  volume = {19},
  number = {7},
  pages = {1209--1219},
  author = {Adriaan Sticker and Ludger Goeminne and Lennart Martens and Lieven Clement},
  title = {Robust Summarization and Inference in Proteome-wide Label-free Quantification},
  journal = {Molecular and Cellular Proteomics}
}


@article{Goeminne2016,
  doi = {10.1074/mcp.m115.055897},
  url = {https://doi.org/10.1074/mcp.m115.055897},
  year = {2016},
  month = feb,
  publisher = {Elsevier {BV}},
  volume = {15},
  number = {2},
  pages = {657--668},
  author = {Ludger J. E. Goeminne and Kris Gevaert and Lieven Clement},
  title = {Peptide-level Robust Ridge Regression Improves Estimation,  Sensitivity,  and Specificity in Data-dependent Quantitative Label-free Shotgun Proteomics},
  journal = {Molecular and Cellular Proteomics}
}


@article{DeDuve1981,
  title = {A short history of tissue fractionation.},
  volume = {91},
  ISSN = {1540-8140},
  url = {http://dx.doi.org/10.1083/jcb.91.3.293s},
  DOI = {10.1083/jcb.91.3.293s},
  number = {3},
  journal = {The Journal of cell biology},
  publisher = {Rockefeller University Press},
  author = {De Duve,  C and Beaufay,  H},
  year = {1981},
  month = feb,
  pages = {293s–299s}
}

@article{Trotter2010,
  title = {Improved sub‐cellular resolution via simultaneous analysis of organelle proteomics data across varied experimental conditions},
  volume = {10},
  ISSN = {1615-9861},
  url = {http://dx.doi.org/10.1002/pmic.201000359},
  DOI = {10.1002/pmic.201000359},
  number = {23},
  journal = {PROTEOMICS},
  publisher = {Wiley},
  author = {Trotter,  Matthew W. B. and Sadowski,  Pawel G. and Dunkley,  Tom P. J. and Groen,  Arnoud J. and Lilley,  Kathryn S.},
  year = {2010},
  month = nov,
  pages = {4213–4219}
}

@article{Barylyuk2020,
  title = {A Comprehensive Subcellular Atlas of the Toxoplasma Proteome via hyperLOPIT Provides Spatial Context for Protein Functions},
  volume = {28},
  ISSN = {1931-3128},
  url = {http://dx.doi.org/10.1016/j.chom.2020.09.011},
  DOI = {10.1016/j.chom.2020.09.011},
  number = {5},
  journal = {Cell Host and Microbe},
  publisher = {Elsevier BV},
  author = {Barylyuk,  Konstantin and Koreny,  Ludek and Ke,  Huiling and Butterworth,  Simon and Crook,  Oliver M. and Lassadi,  Imen and Gupta,  Vipul and Tromer,  Eelco and Mourier,  Tobias and Stevens,  Tim J. and Breckels,  Lisa M. and Pain,  Arnab and Lilley,  Kathryn S. and Waller,  Ross F.},
  year = {2020},
  month = nov,
  pages = {752--766.e9}
}

@article{Moloney2023,
  title = {Mapping diversity in African trypanosomes using high resolution spatial proteomics},
  volume = {14},
  ISSN = {2041-1723},
  url = {http://dx.doi.org/10.1038/s41467-023-40125-z},
  DOI = {10.1038/s41467-023-40125-z},
  number = {1},
  journal = {Nature Communications},
  publisher = {Springer Science and Business Media LLC},
  author = {Moloney,  Nicola M. and Barylyuk,  Konstantin and Tromer,  Eelco and Crook,  Oliver M. and Breckels,  Lisa M. and Lilley,  Kathryn S. and Waller,  Ross F. and MacGregor,  Paula},
  year = {2023},
  month = jul 
}

@article{Hahsler2019,
  title = {dbscan: Fast Density-Based Clustering with R},
  volume = {91},
  ISSN = {1548-7660},
  url = {http://dx.doi.org/10.18637/jss.v091.i01},
  DOI = {10.18637/jss.v091.i01},
  number = {1},
  journal = {Journal of Statistical Software},
  publisher = {Foundation for Open Access Statistic},
  author = {Hahsler,  Michael and Piekenbrock,  Matthew and Doran,  Derek},
  year = {2019}
}

@article{PerezRiverol2021,
  doi = {10.1093/nar/gkab1038},
  url = {https://doi.org/10.1093/nar/gkab1038},
  year = {2021},
  month = nov,
  publisher = {Oxford University Press ({OUP})},
  volume = {50},
  number = {D1},
  pages = {D543--D552},
  author = {Yasset Perez-Riverol and Jingwen Bai and Chakradhar Bandla and David Garc{\'{\i}}a-Seisdedos and Suresh Hewapathirana and Selvakumar Kamatchinathan and Deepti Kundu and Ananth Prakash and Anika Frericks-Zipper and Martin Eisenacher and Mathias Walzer and Shengbo Wang and Alvis Brazma and Juan Antonio Vizca{\'{\i}}no},
  title = {The {PRIDE} database resources in 2022: a hub for mass spectrometry-based proteomics evidences},
  journal = {Nucleic Acids Research}
}

@article{Deutsch2022,
  doi = {10.1093/nar/gkac1040},
  url = {https://doi.org/10.1093/nar/gkac1040},
  year = {2022},
  month = nov,
  publisher = {Oxford University Press ({OUP})},
  volume = {51},
  number = {D1},
  pages = {D1539--D1548},
  author = {Eric W Deutsch and Nuno Bandeira and Yasset Perez-Riverol and Vagisha Sharma and Jeremy Carver and Luis Mendoza and Deepti J Kundu and Shengbo Wang and Chakradhar Bandla and Selvakumar Kamatchinathan and Suresh Hewapathirana and Benjamin Pullman and Julie Wertz and Zhi Sun and Shin Kawano and Shujiro Okuda and Yu Watanabe and Brendan MacLean and Michael MacCoss and Yunping Zhu and Yasushi Ishihama and Juan Antonio Vizca{\'{\i}}no},
  title = {The {ProteomeXchange} consortium at 10 years: 2023 update},
  journal = {Nucleic Acids Research}
}

@article{Crook2019,
  title = {A Bioconductor workflow for the Bayesian analysis of spatial proteomics},
  volume = {8},
  ISSN = {2046-1402},
  url = {http://dx.doi.org/10.12688/f1000research.18636.1},
  DOI = {10.12688/f1000research.18636.1},
  journal = {F1000Research},
  publisher = {F1000 Research Ltd},
  author = {Crook,  Oliver M. and Breckels,  Lisa M. and Lilley,  Kathryn S. and Kirk,  Paul D.W. and Gatto,  Laurent},
  year = {2019},
  month = apr,
  pages = {446}
}

@article{Crook2018,
  title = {A Bayesian mixture modelling approach for spatial proteomics},
  volume = {14},
  ISSN = {1553-7358},
  url = {http://dx.doi.org/10.1371/journal.pcbi.1006516},
  DOI = {10.1371/journal.pcbi.1006516},
  number = {11},
  journal = {PLOS Computational Biology},
  publisher = {Public Library of Science (PLoS)},
  author = {Crook,  Oliver M. and Mulvey,  Claire M. and Kirk,  Paul D. W. and Lilley,  Kathryn S. and Gatto,  Laurent},
  editor = {Vogel,  Christine},
  year = {2018},
  month = nov,
  pages = {e1006516}
}


@article{Wattenberg2016,
  title = {How to Use t-SNE Effectively},
  volume = {1},
  url = {http://dx.doi.org/10.23915/distill.00002},
  DOI = {10.23915/distill.00002},
  number = {10},
  journal = {Distill},
  publisher = {Distill Working Group},
  author = {Wattenberg,  Martin and Viégas,  Fernanda and Johnson,  Ian},
  year = {2016},
  month = oct 
}


@article{Gatto2019,
  title = {Assessing sub-cellular resolution in spatial proteomics experiments},
  volume = {48},
  ISSN = {1367-5931},
  url = {http://dx.doi.org/10.1016/j.cbpa.2018.11.015},
  DOI = {10.1016/j.cbpa.2018.11.015},
  journal = {Current Opinion in Chemical Biology},
  publisher = {Elsevier BV},
  author = {Gatto,  Laurent and Breckels,  Lisa M. and Lilley,  Kathryn S.},
  year = {2019},
  month = feb,
  pages = {123–149}
}

@inproceedings{YiMinHuang2005,
  title = {Weighted support vector machine for classification with uneven training class sizes},
  url = {http://dx.doi.org/10.1109/ICMLC.2005.1527706},
  DOI = {10.1109/icmlc.2005.1527706},
  booktitle = {2005 International Conference on Machine Learning and Cybernetics},
  publisher = {IEEE},
  author = {Yi-Min Huang and Shu-Xin Du},
  year = {2005}
}

@article{Schessner2023,
  title = {Deep and fast label-free Dynamic Organellar Mapping},
  volume = {14},
  ISSN = {2041-1723},
  url = {http://dx.doi.org/10.1038/s41467-023-41000-7},
  DOI = {10.1038/s41467-023-41000-7},
  number = {1},
  journal = {Nature Communications},
  publisher = {Springer Science and Business Media LLC},
  author = {Schessner,  Julia P. and Albrecht,  Vincent and Davies,  Alexandra K. and Sinitcyn,  Pavel and Borner,  Georg H. H.},
  year = {2023},
  month = aug 
}

@article{Thul2017,
  title = {A subcellular map of the human proteome},
  volume = {356},
  ISSN = {1095-9203},
  url = {http://dx.doi.org/10.1126/science.aal3321},
  DOI = {10.1126/science.aal3321},
  number = {6340},
  journal = {Science},
  publisher = {American Association for the Advancement of Science (AAAS)},
  author = {Thul,  Peter J. and Åkesson,  Lovisa and Wiking,  Mikaela and Mahdessian,  Diana and Geladaki,  Aikaterini and Ait Blal,  Hammou and Alm,  Tove and Asplund,  Anna and Bj\"{o}rk,  Lars and Breckels,  Lisa M. and B\"{a}ckstr\"{o}m,  Anna and Danielsson,  Frida and Fagerberg,  Linn and Fall,  Jenny and Gatto,  Laurent and Gnann,  Christian and Hober,  Sophia and Hjelmare,  Martin and Johansson,  Fredric and Lee,  Sunjae and Lindskog,  Cecilia and Mulder,  Jan and Mulvey,  Claire M. and Nilsson,  Peter and Oksvold,  Per and Rockberg,  Johan and Schutten,  Rutger and Schwenk,  Jochen M. and Sivertsson,  Åsa and Sj\"{o}stedt,  Evelina and Skogs,  Marie and Stadler,  Charlotte and Sullivan,  Devin P. and Tegel,  Hanna and Winsnes,  Casper and Zhang,  Cheng and Zwahlen,  Martin and Mardinoglu,  Adil and Pontén,  Fredrik and von Feilitzen,  Kalle and Lilley,  Kathryn S. and Uhlén,  Mathias and Lundberg,  Emma},
  year = {2017},
  month = may 
}

@Manual{topGO, 
  author = {Adrian Alexa},
  title = {{topGO}: Enrichment Analysis for Gene Ontology},
  year = {2022},
  note = {R package version 2.50.0}
}

@Manual{GofuncR,
  author = {Steffi Grote},
  title = {{GOfuncR}: Gene ontology enrichment using {FUNC}},
  year = {2022},
  note = {R package version 1.18.0}
}

@article{Wu2021,
  doi = {10.1016/j.xinn.2021.100141},
  url = {https://doi.org/10.1016/j.xinn.2021.100141},
  year = {2021},
  month = aug,
  publisher = {Elsevier {BV}},
  volume = {2},
  number = {3},
  pages = {100141},
  
  author = {Tianzhi Wu and Erqiang Hu and Shuangbin Xu and Meijun Chen and Pingfan Guo and Zehan Dai and Tingze Feng and Lang Zhou and Wenli Tang and Li Zhan and Xiaocong Fu and Shanshan Liu and Xiaochen Bo and Guangchuang Yu},
  title = {{clusterProfiler} 4.0: A universal enrichment tool for interpreting omics data},
  journal = {The Innovation}
}

@article{Christopher2025,
  title = {Global Proteomics Indicates Subcellular-Specific Anti-Ferroptotic Responses to Ionizing Radiation},
  volume = {24},
  ISSN = {1535-9476},
  url = {http://dx.doi.org/10.1016/j.mcpro.2024.100888},
  DOI = {10.1016/j.mcpro.2024.100888},
  number = {1},
  journal = {Molecular and Cellular Proteomics},
  publisher = {Elsevier BV},
  author = {Christopher,  Josie A. and Breckels,  Lisa M. and Crook,  Oliver M. and Vazquez-Chantada,  Mercedes and Barratt,  Derek and Lilley,  Kathryn S.},
  year = {2025},
  month = jan,
  pages = {100888}
}

@article{Noble2006,
  title = {What is a support vector machine?},
  volume = {24},
  ISSN = {1546-1696},
  url = {http://dx.doi.org/10.1038/nbt1206-1565},
  DOI = {10.1038/nbt1206-1565},
  number = {12},
  journal = {Nature Biotechnology},
  publisher = {Springer Science and Business Media LLC},
  author = {Noble,  William S},
  year = {2006},
  month = dec,
  pages = {1565–1567}
}

@article{Chen2024,
  title = {A survey on imbalanced learning: latest research,  applications and future directions},
  volume = {57},
  ISSN = {1573-7462},
  url = {http://dx.doi.org/10.1007/s10462-024-10759-6},
  DOI = {10.1007/s10462-024-10759-6},
  number = {6},
  journal = {Artificial Intelligence Review},
  publisher = {Springer Science and Business Media LLC},
  author = {Chen,  Wuxing and Yang,  Kaixiang and Yu,  Zhiwen and Shi,  Yifan and Chen,  C. L. Philip},
  year = {2024},
  month = may 
}

@Manual{SumExp,
  title = {SummarizedExperiment: A container (S4 class) for matrix-like assays},
  author = {Martin Morgan and Valerie Obenchain and Jim Hester and Hervé Pagès},
  year = {2024},
  note = {R package version 1.36.0},
  url = {https://bioconductor.org/packages/SummarizedExperiment},
  doi = {10.18129/B9.bioc.SummarizedExperiment},
}

@Manual{qfeat,
    title = {QFeatures: Quantitative features for mass spectrometry data},
    author = {Laurent Gatto and Christophe Vanderaa},
    year = {2024},
    note = {R package version 1.16.0},
    url = {https://bioconductor.org/packages/QFeatures},
    doi = {10.18129/B9.bioc.QFeatures},
  }
  
  
@article{Breckels2024,
  title = {Advances in spatial proteomics: Mapping proteome architecture from protein complexes to subcellular localizations},
  volume = {31},
  ISSN = {2451-9456},
  url = {http://dx.doi.org/10.1016/j.chembiol.2024.08.008},
  DOI = {10.1016/j.chembiol.2024.08.008},
  number = {9},
  journal = {Cell Chemical Biology},
  publisher = {Elsevier BV},
  author = {Breckels,  Lisa M. and Hutchings,  Charlotte and Ingole,  Kishor D. and Kim,  Suyeon and Lilley,  Kathryn S. and Makwana,  Mehul V. and McCaskie,  Kieran J.A. and Villanueva,  Eneko},
  year = {2024},
  month = sep,
  pages = {1665–1687}
}


@article{MartinezVal2021,
  title = {Spatial-proteomics reveals phospho-signaling dynamics at subcellular resolution},
  volume = {12},
  ISSN = {2041-1723},
  url = {http://dx.doi.org/10.1038/s41467-021-27398-y},
  DOI = {10.1038/s41467-021-27398-y},
  number = {1},
  journal = {Nature Communications},
  publisher = {Springer Science and Business Media LLC},
  author = {Martinez-Val,  Ana and Bekker-Jensen,  Dorte B. and Steigerwald,  Sophia and Koenig,  Claire and Østergaard,  Ole and Mehta,  Adi and Tran,  Trung and Sikorski,  Krzysztof and Torres-Vega,  Estefanía and Kwasniewicz,  Ewa and Brynjólfsdóttir,  Sólveig Hlín and Frankel,  Lisa B. and Kjøbsted,  Rasmus and Krogh,  Nicolai and Lundby,  Alicia and Bekker-Jensen,  Simon and Lund-Johansen,  Fridtjof and Olsen,  Jesper V.},
  year = {2021},
  month = dec 
}


@article{Mardakheh2017,
  title = {Proteomics profiling of interactome dynamics by colocalisation analysis (COLA)},
  volume = {13},
  ISSN = {1742-2051},
  url = {http://dx.doi.org/10.1039/c6mb00701e},
  DOI = {10.1039/c6mb00701e},
  number = {1},
  journal = {Molecular BioSystems},
  publisher = {Royal Society of Chemistry (RSC)},
  author = {Mardakheh,  Faraz K. and Sailem,  Heba Z. and K\"{u}mper,  Sandra and Tape,  Christopher J. and McCully,  Ryan R. and Paul,  Angela and Anjomani-Virmouni,  Sara and Jørgensen,  Claus and Poulogiannis,  George and Marshall,  Christopher J. and Bakal,  Chris},
  year = {2017},
  pages = {92–105}
}


@article{Jadot2017,
  title = {Accounting for Protein Subcellular Localization: A Compartmental Map of the Rat Liver Proteome},
  volume = {16},
  ISSN = {1535-9476},
  url = {http://dx.doi.org/10.1074/mcp.M116.064527},
  DOI = {10.1074/mcp.m116.064527},
  number = {2},
  journal = {Molecular and Cellular Proteomics},
  publisher = {Elsevier BV},
  author = {Jadot,  Michel and Boonen,  Marielle and Thirion,  Jaqueline and Wang,  Nan and Xing,  Jinchuan and Zhao,  Caifeng and Tannous,  Abla and Qian,  Meiqian and Zheng,  Haiyan and Everett,  John K. and Moore,  Dirk F. and Sleat,  David E. and Lobel,  Peter},
  year = {2017},
  month = feb,
  pages = {194–212}
}


@article{JeanBeltran2016,
  title = {A Portrait of the Human Organelle Proteome In Space and Time during Cytomegalovirus Infection},
  volume = {3},
  ISSN = {2405-4712},
  url = {http://dx.doi.org/10.1016/j.cels.2016.08.012},
  DOI = {10.1016/j.cels.2016.08.012},
  number = {4},
  journal = {Cell Systems},
  publisher = {Elsevier BV},
  author = {Jean Beltran,  Pierre M. and Mathias,  Rommel A. and Cristea,  Ileana M.},
  year = {2016},
  month = oct,
  pages = {361--373.e6}
}

@article{Shin2020,
  title = {Spatial proteomics defines the content of trafficking vesicles captured by golgin tethers},
  volume = {11},
  ISSN = {2041-1723},
  url = {http://dx.doi.org/10.1038/s41467-020-19840-4},
  DOI = {10.1038/s41467-020-19840-4},
  number = {1},
  journal = {Nature Communications},
  publisher = {Springer Science and Business Media LLC},
  author = {Shin,  John J. H. and Crook,  Oliver M. and Borgeaud,  Alicia C. and Cattin-Ortolá,  Jér\^ome and Peak-Chew,  Sew Y. and Breckels,  Lisa M. and Gillingham,  Alison K. and Chadwick,  Jessica and Lilley,  Kathryn S. and Munro,  Sean},
  year = {2020},
  month = nov 
}


@article{Krahmer2018,
  title = {Organellar Proteomics and Phospho-Proteomics Reveal Subcellular Reorganization in Diet-Induced Hepatic Steatosis},
  volume = {47},
  ISSN = {1534-5807},
  url = {http://dx.doi.org/10.1016/j.devcel.2018.09.017},
  DOI = {10.1016/j.devcel.2018.09.017},
  number = {2},
  journal = {Developmental Cell},
  publisher = {Elsevier BV},
  author = {Krahmer,  Natalie and Najafi,  Bahar and Schueder,  Florian and Quagliarini,  Fabiana and Steger,  Martin and Seitz,  Susanne and Kasper,  Robert and Salinas,  Favio and Cox,  J\"{u}rgen and Uhlenhaut,  Nina Henriette and Walther,  Tobias Christian and Jungmann,  Ralf and Zeigerer,  Anja and Borner,  Georg Heinz Helmut and Mann,  Matthias},
  year = {2018},
  month = oct,
  pages = {205--221.e7}
}


@article{Kozik2020,
  title = {Small Molecule Enhancers of Endosome-to-Cytosol Import Augment Anti-tumor Immunity},
  volume = {32},
  ISSN = {2211-1247},
  url = {http://dx.doi.org/10.1016/j.celrep.2020.107905},
  DOI = {10.1016/j.celrep.2020.107905},
  number = {2},
  journal = {Cell Reports},
  publisher = {Elsevier BV},
  author = {Kozik,  Patrycja and Gros,  Marine and Itzhak,  Daniel N. and Joannas,  Leonel and Heurtebise-Chrétien,  Sandrine and Krawczyk,  Patrycja A. and Rodríguez-Silvestre,  Pablo and Alloatti,  Andrés and Magalhaes,  Joao Gamelas and Del Nery,  Elaine and Borner,  Georg H.H. and Amigorena,  Sebastian},
  year = {2020},
  month = jul,
  pages = {107905}
}


@article{Hirst2018,
  title = {Role of the AP-5 adaptor protein complex in late endosome-to-Golgi retrieval},
  volume = {16},
  ISSN = {1545-7885},
  url = {http://dx.doi.org/10.1371/journal.pbio.2004411},
  DOI = {10.1371/journal.pbio.2004411},
  number = {1},
  journal = {PLOS Biology},
  publisher = {Public Library of Science (PLoS)},
  author = {Hirst,  Jennifer and Itzhak,  Daniel N. and Antrobus,  Robin and Borner,  Georg H. H. and Robinson,  Margaret S.},
  editor = {Schmid,  Sandra},
  year = {2018},
  month = jan,
  pages = {e2004411}
}

@article{Kll2007,
  doi = {10.1038/nmeth1113},
  url = {https://doi.org/10.1038/nmeth1113},
  year = {2007},
  month = oct,
  publisher = {Springer Science and Business Media {LLC}},
  volume = {4},
  number = {11},
  pages = {923--925},
  author = {Lukas K\"{a}ll and Jesse D Canterbury and Jason Weston and William Stafford Noble and Michael J MacCoss},
  title = {Semi-supervised learning for peptide identification from shotgun proteomics datasets},
  journal = {Nature Methods}
}

@Manual{biostrings, 
  author = {H. Pages and P. Aboyoun and R. Gentleman and S. {DebRoy}},
  title = {Biostrings: Efficient Manipulation of Biological Strings},
  year = {2022},
  note = {R package version 2.66.0}
}

@article{Demichev2019,
  title = {DIA-NN: neural networks and interference correction enable deep proteome coverage in high throughput},
  volume = {17},
  ISSN = {1548-7105},
  url = {http://dx.doi.org/10.1038/s41592-019-0638-x},
  DOI = {10.1038/s41592-019-0638-x},
  number = {1},
  journal = {Nature Methods},
  publisher = {Springer Science and Business Media LLC},
  author = {Demichev,  Vadim and Messner,  Christoph B. and Vernardis,  Spyros I. and Lilley,  Kathryn S. and Ralser,  Markus},
  year = {2019},
  month = nov,
  pages = {41–44}
}


@article{Cox2014,
  title = {Accurate Proteome-wide Label-free Quantification by Delayed Normalization and Maximal Peptide Ratio Extraction,  Termed MaxLFQ},
  volume = {13},
  ISSN = {1535-9476},
  url = {http://dx.doi.org/10.1074/mcp.M113.031591},
  DOI = {10.1074/mcp.m113.031591},
  number = {9},
  journal = {Molecular &amp; Cellular Proteomics},
  publisher = {Elsevier BV},
  author = {Cox,  J\"{u}rgen and Hein,  Marco Y. and Luber,  Christian A. and Paron,  Igor and Nagaraj,  Nagarjuna and Mann,  Matthias},
  year = {2014},
  month = sep,
  pages = {2513–2526}
}

@article{vandeSchoot2021,
  title = {Bayesian statistics and modelling},
  volume = {1},
  ISSN = {2662-8449},
  url = {http://dx.doi.org/10.1038/s43586-020-00001-2},
  DOI = {10.1038/s43586-020-00001-2},
  number = {1},
  journal = {Nature Reviews Methods Primers},
  publisher = {Springer Science and Business Media LLC},
  author = {van de Schoot,  Rens and Depaoli,  Sarah and King,  Ruth and Kramer,  Bianca and M\"{a}rtens,  Kaspar and Tadesse,  Mahlet G. and Vannucci,  Marina and Gelman,  Andrew and Veen,  Duco and Willemsen,  Joukje and Yau,  Christopher},
  year = {2021},
  month = jan 
}

@article{Kennedy2020,
  title = {TRANSPIRE: A Computational Pipeline to Elucidate Intracellular Protein Movements from Spatial Proteomics Data Sets},
  volume = {31},
  ISSN = {1879-1123},
  url = {http://dx.doi.org/10.1021/jasms.0c00033},
  DOI = {10.1021/jasms.0c00033},
  number = {7},
  journal = {Journal of the American Society for Mass Spectrometry},
  publisher = {American Chemical Society (ACS)},
  author = {Kennedy,  Michelle A. and Hofstadter,  William A. and Cristea,  Ileana M.},
  year = {2020},
  month = may,
  pages = {1422–1439}
}


@article{Itzhak2018,
  title = {Dynamic Organellar Maps for Spatial Proteomics},
  volume = {83},
  ISSN = {1934-2616},
  url = {http://dx.doi.org/10.1002/cpcb.81},
  DOI = {10.1002/cpcb.81},
  number = {1},
  journal = {Current Protocols in Cell Biology},
  publisher = {Wiley},
  author = {Itzhak,  Daniel N. and Schessner,  Julia P. and Borner,  Georg H. H.},
  year = {2018},
  month = nov 
}

@article{Demichev2019,
  title = {DIA-NN: neural networks and interference correction enable deep proteome coverage in high throughput},
  volume = {17},
  ISSN = {1548-7105},
  url = {http://dx.doi.org/10.1038/s41592-019-0638-x},
  DOI = {10.1038/s41592-019-0638-x},
  number = {1},
  journal = {Nature Methods},
  publisher = {Springer Science and Business Media LLC},
  author = {Demichev,  Vadim and Messner,  Christoph B. and Vernardis,  Spyros I. and Lilley,  Kathryn S. and Ralser,  Markus},
  year = {2019},
  month = nov,
  pages = {41–44}
}


@article{Kieran2025,
  title = {Localisation of Organelle Proteins using Data-Independent Acquisition (DIA-LOP)},
  author = {McCaskie, Kieran},
  year = {2025},
  journal = {Submitted 22.04.2025}
}
